% Encoding: UTF-8
@book{IEEE-1363,
  author={{IEEE Std 1363-2000}},
  title={{IEEE} Standard Specifications for Public-Key Cryptography},
  address={New York},
  publisher={IEEE},
  year={2000}
}

@inproceedings{kocher99,
  author={C. Kocher and J. Jaffe and B. Jun},
  title={Differential Power Analysis},
  editor={M. Wiener},
  booktitle={Advances in Cryptology ({CRYPTO}~'99)},
  series={Lecture Notes in Computer Science},
  volume={1666},
  pages={388-397},
  publisher={Springer-Verlag},
  month={August},
  year={1999}
}


@INCOLLECTION{Krasnogor2004e,
  AUTHOR = {N. Krasnogor},
  TITLE = {Towards robust memetic algorithms},
  BOOKTITLE = {Recent Advances in Memetic Algorithms},
  PUBLISHER = {Springer Berlin Heidelberg},
  YEAR = {2004},
  PAGES = {185-207},
  EDITOR = {W.E. Hart and N. Krasnogor and J.E. Smith},
  VOLUME = {166},
  SERIES = {Studies in Fuzziness and Soft Computing},  
  ADDRESS = {New York},  
}

@INCOLLECTION{zjsw,
  AUTHOR = {班固},
  TITLE = {苏武传},
  BOOKTITLE = {传记散文英华},
  PUBLISHER = {湖北人民出版社},
  YEAR = {1998},  
  PAGES = {65-69},
  EDITOR = {郑在瀛 and 汪超宏 and 周文复},
  VOLUME = {2},
  SERIES = {新古文观止丛书},  
  ADDRESS = {武汉},
  lang = {zh},
}


@INBOOK{clzs,
  AUTHOR = {阎真},
  TITLE = {沧浪之水},
  CHAPTER = {大人物还是讲人情的},
  PAGES = {185-207},
  PUBLISHER = {人民文学出版社},
  YEAR = {2001},  
  lang = {zh},
}

@Book{tex,
 author    = "Donald E. Knuth",
 title     = "The {\TeX} Book",
 publisher = "Addison-Wesley Publishing Company",
 address   = "Reading, MA",
 year      = 1989,
 edition   = "15th",
}

@Book{companion,
 author    = "Michel Goosens and Frank Mittelbach and Alexander Samarin",
 title     = "The {\LaTeX} Companion",
 publisher = "Addison-Wesley Publishing Company",
 address   = "Reading, MA",
 PAGES = "112--125",
 year      = 1994,
}

@ARTICLE{ELIDRISSI94,
  AUTHOR =       "{Chafik El Idrissi}, M. and {Roney}, A. and {Frigon}, C. and
                  {Larzilli{\`e}re}, M.",
  TITLE =        "Measurements of total kinetic-energy released to the {$N=2$}
                  dissociation limit of {H}$_2$ --- evidence of the dissociation
                  of very high vibrational {R}ydberg states of {H}$_2$ by
                  doubly-excited states",
  JOURNAL =      "Chemical Physics Letters",
  PAGES =        "260-266",
  VOLUME =       224,
  NUMBER =       10,
  YEAR =         1994,
}

@ARTICLE{MELLINGER96,
  AUTHOR =       "Mellinger, A. and Vidal, C. R. and Jungen, Ch.",
  TITLE =        "Laser reduced fluorescence study of the carbon-monoxide nd
                  triplet {R}ydberg series-experimental results and multichannel
                  quantum-defect analysis",
  JOURNAL =      "J. Chem. Phys.",
  PAGES =        "8913-8921",
  VOLUME =       104,
  NUMBER =       5,
  YEAR =         1996,
}

@ARTICLE{SHELL02,
  AUTHOR =       "Michael Shell",
  TITLE =        "How to Use the {IEEEtran \LaTeX} Class",
  JOURNAL =      "Journal of {\LaTeX} Class Files",
  YEAR =         2002,
  VOLUME =       12,
  NUMBER =       4,
  PAGES =        "100--120"
}

@TechReport{NPB2,
  title =        {The {NAS} Parallel Benchmarks 2.0},
  author =       {Alex Woo and David Bailey and Maurice Yarrow and Wijngaart
                  Wijngaart and Tim Harris and William Saphir},
  year =         1995,
  month =        dec # "~05",
  institution =  "The Pennsylvania State University CiteSeer Archives",
  url =          "http://www.nasa.org/"
}

@INPROCEEDINGS{DPMG,
  author =       {Kim, Sangbum and Woo, Namyoon and Yeom, Heon Y. and Park,
                  Taesoon and Park, Hyoungwoo},
  title =        {Design and {I}mplementation of {D}ynamic {P}rocess
                  {M}anagement for {G}rid-enabled {MPICH}},
  booktitle =    {the 10th European PVM/MPI Users' Group Conference},
  year =         2003,
  address =      {Venice, Italy},
  month =        sep,
}

@INPROCEEDINGS{cnproceed,
  author =       {王重阳 and 黄药师 and 欧阳峰 and 洪七公 and 段皇帝},
  title =        {武林高手从入门到精通},
  booktitle =    {第~$N$~次华山论剑},
  year =         2006,
  address =      {西安, 中国},
  month =        sep,
  lang =         "zh",
}

@ARTICLE{cnarticle,
  AUTHOR =       "贾宝玉 and 林黛玉 and 薛宝钗 and 贾探春",
  TITLE =        "论刘姥姥食量大如牛之现实意义",
  JOURNAL =      "红楼梦杂谈",
  PAGES =        "260--266",
  VOLUME =       224,
  YEAR =         1800,
  LANG =         "zh",
}

@MastersThesis{zhubajie,
  author =       {猪八戒},
  title =        {论流体食物的持久保存},
  school =       {广寒宫大学},
  year =         2005,
  address =      {北京},
  lang =         "zh",
}

@PhdThesis{shaheshang,
  author =       {沙和尚},
  title =        {论流沙河的综合治理},
  school =       {清华大学},
  year =         2005,
  address =      {北京},
  lang =         "zh",
}

@MastersThesis{metamori2004,
  author =       {Ashwin Raju Jeyakumar},
  title =        {Metamori: A library for Incremental File Checkpointing},
  school =       {Virgina Tech},
  year =         2004,
  month =        jun # "~21",
  address =      {Blacksburg},
}

@PHDTHESIS{FistSystem01,
  AUTHOR =       "Erez Zadok",
  TITLE =        "{FiST: A System for Stackable File System Code Generation}",
  YEAR =         2001,
  MONTH =        "May",
  SCHOOL =       "Computer Science Department, Columbia University",
  ADDRESS =      "USA"
}

@INBOOK{ColdSources,
  AUTHOR =       {P. Gr{\"o}ning and L. Nilsson and P. Ruffieux and R.
                  Clergereaux and O. Gr{\"o}ning},
  TITLE =        {Encyclopedia of Nanoscience and Nanotechnology},
  pages =        {547--579},
  PUBLISHER =    {American Scientific Publishers},
  YEAR =         2004,
  volume =       1,
}
% !Mode:: "TeX:UTF-8"

@BOOK{huwei,
author =       {{胡伟}},
  title =        {\LaTeXe{}~完全学习手册},
  publisher =    {清华大学出版社,~书号:~978-7-302-24159-1},
  year =         {2011},
  address =      {北京},
}

@BOOK{deng:01a,
  author =       {{邓建松,~彭冉冉,~陈长松}},
  title =        {\LaTeXe{}~科技排版指南},
  publisher =    {科学出版社,~书号:~7-03-009239-2/TP.1516},
  year =         {2001},
  address =      {北京},
}


@book{lamport85a,
	author={Leslie Lamport},
	title={{LaTeX} --- A Document Preparation System: User's Guide and Reference Manual},
	publisher={Addison-Wesley},
	year={1985},
	address={Reading, Massachusetts},
	edition={2nd}
}

@book{knuth86a,
	author={Donald E. Knuth},
	title={The {TeX}book},
	publisher={Addison-Wesley},
	year={1986},
	volume={A},
	address={Reading, Massachusetts},
	series={Computers and Typesetting}
}

@book{knuth86e,
	author={Donald E. Knuth},
	title={Computer Modern Typefaces},
	publisher={Addison-Wesley},
	year={1986},
	volume={E},
	address={Reading, Massachusetts},
	series={Computers and Typesetting}
}

@BOOK{BEZOS02,
  AUTHOR     = "J. Bezos",
  FULLAUTHOR = "Javier Bezos",
  TITLE      = "The titlesec and titletoc Packages",
  PUBLISHER  = "University of SomeName",
  MONTH      = "March",
  YEAR       = "2002",
  Pages      = "10--20",
  Edition    = "2nd",
  ADDRESS    = "Cityname",
}

@BOOK{OOSTRUM01,
  AUTHOR     = "{P. Oostrum, ifuleyou@bbs.ctex.org~译}",
  FULLAUTHOR = "Piet van Oostrum",
  TITLE      = "{\LaTeX}下的页面布局",
  PUBLISHER  = "某某大学出版社",
  MONTH      = "August",
  YEAR       = "2001",
  Pages      = "10--20",
  ADDRESS    = "天津",
}

@BOOK{TEXGURU99,
  AUTHOR     = "{\TeX}Guru",
  TITLE      = "{\LaTeX 2$\varepsilon$}用户手册",
  PUBLISHER  = "某某大学出版社",
  YEAR       = "1999",
  Pages      = "10--20",
  ADDRESS    = "天津",
}

@BOOK{WANG00,
  AUTHOR     = "{K. Reckdahl~原著, 王磊~译}",
  FULLAUTHOR = "Keith Reckdahl, 王磊~译",
  TITLE      = "Using Import graphics in {\LaTeX 2$\varepsilon$}, {\LaTeX 2$\varepsilon$}插图指南",
  PUBLISHER  = "某某大学出版社",
  YEAR       = "2000",
  Pages      = "10--20",
  ADDRESS    = "天津",
}

@ARTICLE{McDonnell1994,
  AUTHOR =       {J. R. McDonnell and D. Wagen},
  TITLE =        {Evolving Recurrent Perceptions for Time-{S}eries Modeling},
  JOURNAL =      {IEEE Trans. on Neural Networks},
  YEAR =         {1994},
  volume =       {5},
  number =       {1},
  pages =        {24--38},
}

@ARTICLE{Yao1993,
  AUTHOR =       {X. Yao},
  TITLE =        {Evolutionary Artifitial Neural Networks},
  JOURNAL =      {J. Of Neural Systems},
  YEAR =         {1993},
  volume =       {},
  number =       {4},
  pages =        {203--222},
}

@phdthesis{Chen1992,
   Author = {宋乐},
   Title = {异源图像融合及其评价方法的研究},
   School = {天津大学},
   Year = {2008},
   type = {博士学位论文},
   pages= {},
   ADDRESS    = "天津",
 }

@inproceedings{agrawal2007resolving,
  title   =       {Resolving objects at higher resolution from a single motion-blurred image},
  author  =       {Agrawal, A. and Raskar, R.},
  booktitle  =    {Computer Vision and Pattern Recognition, 2007. CVPR'07. IEEE Conference on},
  year       =    {2007},
  pages   =       {1--8},
  organization =  {IEEE}
}

@inproceedings{zhang2010tree,
  title    =    {A tree parent storage based on hashtable for XML construction},
  author    =   {Zhang, J. and Li, X. and Chen, J. and Qian, Z.},
  booktitle   = {Communication Systems, Networks and Applications (ICCSNA), 2010 Second International Conference on},
  volume    =   {1},
  year   =      {2010},
  pages   =     {325--328},
  organization= {IEEE}
}

@CONFERENCE{Niwa1990,
  author =       {S.Niwa and M. Suzuki and K. Kimura},
  title =        {Electrical Shock Absorber for Docking System Space},
  booktitle =    {IEEE International Workshop on Intelligent Motion Control},
  year =         {1990},
  pages  =       {825--830},
  address =      {Istenbul},
  publisher =    {Bogazici University},
}

@Comment{jabref-meta: databaseType:bibtex;}
